<record xmlns:xsi="http://www.w3.org/2001/XMLSchema-instance" xmlns="http://www.loc.gov/MARC21/slim" xsi:schemaLocation="http://www.loc.gov/MARC21/slim http://www.loc.gov/standards/marcxml/schema/MARC21slim.xsd">

  <leader>00699nam a2200205Ia 4500</leader>
  <datafield ind1=" " tag="999" ind2=" ">
    <subfield code="c">791</subfield>
    <subfield code="d">791</subfield>
  </datafield>
  <controlfield tag="008">170712b2006    cr ||||| |||| 00| | spa d</controlfield>
  <datafield tag="020" ind1=" " ind2=" ">
    <subfield code="a">9968250686</subfield>
  </datafield>
  <datafield tag="090" ind1=" " ind2=" ">
    <subfield code="a">14.02.04 </subfield>
    <subfield code="b">1196</subfield>
  </datafield>
  <datafield ind2=" " ind1="2" tag="110">
    <subfield code="a">Instituto Nacional de las Mujeres</subfield>
    <subfield code="9">1766</subfield>
  </datafield>
  <datafield ind1="1" tag="245" ind2="4">
    <subfield code="a">Las preguntas más frecuentes sobre la ley de paternidad / </subfield>
    <subfield code="c">Instituto Nacional de las Mujeres</subfield>
  </datafield>
  <datafield ind1=" " tag="260" ind2=" ">
    <subfield code="a">San José, Costa Rica : </subfield>
    <subfield code="b">INAMU, </subfield>
    <subfield code="c">2006</subfield>
  </datafield>
  <datafield ind2=" " tag="300" ind1=" ">
    <subfield code="a">48 páginas</subfield>
  </datafield>
  <datafield ind2=" " ind1=" " tag="490">
    <subfield code="a">Colección Documentos,</subfield>
    <subfield code="v">26</subfield>
  </datafield>
  <datafield ind2=" " tag="500" ind1=" ">
    <subfield code="a">La Unidad de Información cuenta también con la edición del 2005.</subfield>
  </datafield>
  <datafield ind2="4" ind1="1" tag="650">
    <subfield code="a">PATERNIDAD </subfield>
    <subfield code="9">2991</subfield>
  </datafield>
  <datafield tag="650" ind1="1" ind2="4">
    <subfield code="a">LEGISLACIÓN</subfield>
    <subfield code="9">45</subfield>
  </datafield>
  <datafield ind1="1" tag="650" ind2="4">
    <subfield code="a">DERECHO DE FAMILIA</subfield>
    <subfield code="9">2989</subfield>
  </datafield>
  <datafield tag="650" ind1="1" ind2="4">
    <subfield code="a">GENES</subfield>
    <subfield code="9">2990</subfield>
  </datafield>
  <datafield ind2=" " tag="942" ind1=" ">
    <subfield code="2">z</subfield>
    <subfield code="c">01</subfield>
  </datafield>
</record>